@article{abt_1990,
	author		= "Abt, H.",
	title		= "",
	journal		= "ApJ",
	year		= 1990,
	volume		= 357,
	pages		= 1,
}

@book{butcher_2006,
	author		= "Butcher, Judith",
	title		= "Butcher's Copy-editing:  The Cambridge Handbook for Editors, Copy-editors and Proofreaders",
	edition		= "4th",
	publisher	= "Cambridge University Press",
	address		= "Cambridge",
	year		= 2006,
}

@phdthesis{capak_phdthesis,
	author		= "Capak, P.",
	title		= "PhD Thesis",
	school		= "University of Hawaii",
	year		= 2003,
}

@manual{daly_2007,
	author		= "Daly, Patrick W.",
	title		= "Natural Sciences Citations and References (Author--Year and Numerical Schemes), Version 8.1",
	year		= 2007,
}

@inproceedings{de_vaucouleurs_1964,
	author		= "de Vaucouleurs, G.",
	title		= "",
	booktitle	= "The Galaxy and the Magellanic Clouds",
	year		= 1964,
	editor		= "Kerr, F. J.",
	volume		= 20,
	series		= "IAU Symp.",
	pages		= 195,
	publisher	= "Reidel",
	address		= "Dordrecht",
}

@proceedings{kerr_1964,
	title		= "The Galaxy and the Magellanic Clouds",
	year		= 1964,
	editor		= "Kerr, F. J.",
	series		= "IAU Symp.",
	volume		= "20",
	publisher	= "Reidel",
	address		= "Dordrecht",
}

@techreport{example_2010,
  author  = "Example Author",
  title   = "Example Tech Report",
  institution = "Example Institution",
  year = "2010",
  number = "1",
}
 